% This file was created with JabRef 2.6.
% Encoding: Cp1252

@MISC{seas2008instructions,
  title = {{Instructions for Thesis (and Dissertation) Preparation}},
  howpublished = {\url{http://www.seas.virginia.edu/advising/G122.pdf}},
  month = {May},
  year = {2008},
  owner = {jmc7tp},
  timestamp = {2011.01.04}
}

@MISC{uvaprint2001thesis,
  title = {{Thesis / Dissertation Checklist}},
  howpublished = {\url{http://www.virginia.edu/uvaprint/disserchecklist.pdf}},
  month = {March},
  year = {2001},
  owner = {jmc7tp},
  timestamp = {2011.01.04}
}

