% This file was created with JabRef 2.6.
% Encoding: UTF8

@ARTICLE{dey2001conceptual,
  author = {Dey, A.K. and Abowd, G.D. and Salber, D.},
  title = {{A conceptual framework and a toolkit for supporting the rapid prototyping
	of context-aware applications}},
  journal = {Human-Computer Interaction},
  year = {2001},
  volume = {16},
  pages = {97--166},
  number = {2},
  publisher = {Taylor \& Francis}
}

@BOOK{elmagarmid1992database,
  title = {{Database transaction models for advanced applications}},
  publisher = {Morgan Kaufmann},
  year = {1992},
  author = {Elmagarmid, A.K.}
}

@ARTICLE{jarke1995conceptbase,
  author = {Jarke, M. and Gallersd{\"o}rfer, R. and Jeusfeld, M.A. and Staudt,
	M. and Eherer, S.},
  title = {{ConceptBase---a deductive object base for meta data management}},
  journal = {Journal of Intelligent Information Systems},
  year = {1995},
  volume = {4},
  pages = {167--192},
  number = {2},
  publisher = {Springer}
}

@ARTICLE{korson1990understanding,
  author = {Korson, T. and McGregor, J.D.},
  title = {{Understanding object-oriented: a unifying paradigm}},
  journal = {Communications of the ACM},
  year = {1990},
  volume = {33},
  pages = {40--60},
  number = {9},
  publisher = {ACM}
}

@ARTICLE{mahler1989integrated,
  author = {Mahler, A. and Lampen, A.},
  title = {{An integrated toolset for engineering software configurations}},
  journal = {ACM SIGPLAN Notices},
  year = {1989},
  volume = {24},
  pages = {191--200},
  number = {2},
  publisher = {ACM}
}

@ARTICLE{stajich2002bioperl,
  author = {Stajich, J.E. and Block, D. and Boulez, K. and Brenner, S.E. and
	Chervitz, S.A. and Dagdigian, C. and Fuellen, G. and Gilbert, J.G.R.
	and Korf, I. and Lapp, H. and others},
  title = {{The Bioperl toolkit: Perl modules for the life sciences}},
  journal = {Genome research},
  year = {2002},
  volume = {12},
  pages = {1611},
  number = {10},
  publisher = {Cold Spring Harbor Lab}
}

@ARTICLE{vassiliadis1999survey,
  author = {Vassiliadis, P. and Sellis, T.},
  title = {{A survey of logical models for OLAP databases}},
  journal = {ACM Sigmod Record},
  year = {1999},
  volume = {28},
  pages = {69},
  number = {4},
  publisher = {ACM}
}

